<record><leader>00000cas a22000007a 4500</leader><controlfield tag="001">8814553</controlfield><controlfield tag="008">820928d186118uukyu x ne      0   a0eng  </controlfield><controlfield tag="009">466</controlfield><datafield ind1=" " ind2=" " tag="010"><subfield code="a">sn 82015459 </subfield></datafield><datafield ind1=" " ind2=" " tag="040"><subfield code="a">DLC</subfield><subfield code="b">eng</subfield><subfield code="c">DLC</subfield><subfield code="d">NPX</subfield><subfield code="d">DLC</subfield><subfield code="d">NLG</subfield><subfield code="d">NVF</subfield><subfield code="d">OCLCO</subfield></datafield><datafield ind1="1" ind2=" " tag="029"><subfield code="a">AU@</subfield><subfield code="b">000025831255</subfield></datafield><datafield ind1=" " ind2=" " tag="042"><subfield code="a">msc</subfield></datafield><datafield ind1="0" ind2="0" tag="050"><subfield code="a">Newspaper 7885-X</subfield></datafield><datafield ind1="0" ind2="0" tag="245"><subfield code="a">Zouave gazette. Of the Nineteenth Regiment Illinois Volunteers.</subfield></datafield><datafield ind1=" " ind2=" " tag="260"><subfield code="a">Elizabethtown, Ky. :</subfield><subfield code="b">Wm. Quinton,</subfield></datafield><datafield ind1=" " ind2=" " tag="300"><subfield code="a">v. ;</subfield><subfield code="c">68 cm.</subfield></datafield><datafield ind1=" " ind2=" " tag="310"><subfield code="a">Irregular</subfield></datafield><datafield ind1="0" ind2=" " tag="362"><subfield code="a">Vol. 1, no. 1 (Oct. 30, 1861)-</subfield></datafield><datafield ind1=" " ind2=" " tag="500"><subfield code="a">Editors: William B. Redfield; Lyman Bridges.</subfield></datafield><datafield ind1=" " ind2=" " tag="500"><subfield code="a">Issued from the office of: Elizabethtown Democrat.</subfield></datafield><datafield ind1="1" ind2=" " tag="710"><subfield code="a">United States.</subfield><subfield code="b">Army.</subfield><subfield code="b">Illinois Infantry Regiment, 19th (1861-1864)</subfield></datafield><datafield ind1=" " ind2=" " tag="752"><subfield code="a">United States</subfield><subfield code="b">Kentucky</subfield><subfield code="c">Hardin</subfield><subfield code="d">Elizabethtown.</subfield></datafield></record>